<record><leader>00000cas a2200000 a 4500</leader><controlfield tag="001">1746535</controlfield><controlfield tag="008">751030d19481980fludn ne      0    0eng c</controlfield><datafield ind1=" " ind2=" " tag="010"><subfield code="a">sn 96027366 </subfield></datafield><datafield ind1=" " ind2=" " tag="040"><subfield code="a">FUL</subfield><subfield code="b">eng</subfield><subfield code="c">FUL</subfield><subfield code="d">FUG</subfield><subfield code="d">OCLCQ</subfield><subfield code="d">OCLCF</subfield><subfield code="d">OCLCO</subfield></datafield><datafield ind1=" " ind2=" " tag="012"><subfield code="i">9603</subfield></datafield><datafield ind1="1" ind2=" " tag="029"><subfield code="a">AU@</subfield><subfield code="b">000012365611</subfield></datafield><datafield ind1=" " ind2=" " tag="042"><subfield code="a">pcc</subfield></datafield><datafield ind1=" " ind2=" " tag="043"><subfield code="a">n-us-fl</subfield></datafield><datafield ind1="0" ind2="0" tag="245"><subfield code="a">Winter Haven daily news-chief.</subfield></datafield><datafield ind1="1" ind2=" " tag="246"><subfield code="i">Issued on Sunday during &lt;1973&gt; as:</subfield><subfield code="a">Sunday news-chief</subfield></datafield><datafield ind1="1" ind2=" " tag="246"><subfield code="i">Issued on Sunday from &lt;1977&gt;-1980 as:</subfield><subfield code="a">Winter Haven Sunday news-chief</subfield></datafield><datafield ind1=" " ind2=" " tag="260"><subfield code="a">Winter Haven, Fla. :</subfield><subfield code="b">Winter Haven Pub. Co.,</subfield><subfield code="c">-1980.</subfield></datafield><datafield ind1=" " ind2=" " tag="300"><subfield code="a">v.</subfield></datafield><datafield ind1=" " ind2=" " tag="310"><subfield code="a">Daily (except Sunday)</subfield></datafield><datafield ind1="1" ind2=" " tag="362"><subfield code="a">Began in 1948.</subfield></datafield><datafield ind1="0" ind2=" " tag="362"><subfield code="a">-v. 11, no. 12 (Nov. 2, 1980).</subfield></datafield><datafield ind1=" " ind2=" " tag="500"><subfield code="a">W.E. Rynerson, publisher.</subfield></datafield><datafield ind1=" " ind2=" " tag="515"><subfield code="a">Sunday issues carry separate numbering scheme, &lt;1973&gt;-1980.</subfield></datafield><datafield ind1=" " ind2=" " tag="588"><subfield code="a">Description based on: Vol. 33, no. 30 (Nov. 1, 1948).</subfield></datafield><datafield ind1=" " ind2="0" tag="651"><subfield code="a">Winter Haven (Fla.)</subfield><subfield code="v">Newspapers.</subfield></datafield><datafield ind1=" " ind2="0" tag="651"><subfield code="a">Polk County (Fla.)</subfield><subfield code="v">Newspapers.</subfield></datafield><datafield ind1=" " ind2="7" tag="655"><subfield code="a">Newspapers.</subfield><subfield code="2">fast</subfield><subfield code="0">(OCoLC)fst01423814</subfield></datafield><datafield ind1=" " ind2="7" tag="651"><subfield code="a">Florida</subfield><subfield code="z">Polk County.</subfield><subfield code="2">fast</subfield><subfield code="0">(OCoLC)fst01214944</subfield></datafield><datafield ind1=" " ind2="7" tag="651"><subfield code="a">Florida</subfield><subfield code="z">Winter Haven.</subfield><subfield code="2">fast</subfield><subfield code="0">(OCoLC)fst01215617</subfield></datafield><datafield ind1=" " ind2=" " tag="752"><subfield code="a">United States</subfield><subfield code="b">Florida</subfield><subfield code="c">Polk</subfield><subfield code="d">Winter Haven.</subfield></datafield><datafield ind1="0" ind2="4" tag="780"><subfield code="t">Winter Haven daily news</subfield></datafield><datafield ind1="0" ind2="4" tag="780"><subfield code="t">Winter Haven daily chief</subfield><subfield code="w">(DLC)sn 86063022</subfield><subfield code="w">(OCoLC)13020774</subfield></datafield><datafield ind1="0" ind2="0" tag="785"><subfield code="t">News chief (Winter Haven, Fla. : 1980)</subfield><subfield code="w">(DLC)sn 96027369</subfield><subfield code="w">(OCoLC)34469645</subfield></datafield><datafield ind1=" " ind2=" " tag="850"><subfield code="a">FU</subfield></datafield></record>